@article{polya,
    author    = {George Polya},
    title     = {Torsional Rigidity, Principal Frequency, Electrostatic Capacity and Symmetrization},
    year      = {1947},
    journal   = {Quarterly of Applied Mathematics},
    volume    = {6},
    pages     = {267-277}
}

@book{isoperimetric,
    author    = {G. Polya and G. Szego},
    title     = {Isoperimetric inequalities in mathematical physics},
    year      = {1951},
    publisher = {Princeton University Press}
}


@book{ryan,
    author    = {Ryan Weightman},
    title     = {Steiner Symmetrization and the Eigenvalues of the Laplace Operator On Polygons},
    year      = {2021},
    publisher = {Rutgers, The State University of New Jersey}
}

@book{extremum,
    title     = {Extremum Problems for Eigenvalues of Elliptic Operators},
    author    = {Antoine Henrot},
    year      = {2006},
    publisher = {Birkhauser}
}

@online{code,
    author    = {Beniamin Bogosel},
    title     = {Faber-Krahn inequality for polygons - numerical study},
    year      = {2015},
    url       = {http://www.cmap.polytechnique.fr/~beniamin.bogosel/faber_krahn_polygons.html}
}

@article{calculate,
    author    = {B. McCartin},
    title     = {Laplacian Eigenstructure of the Equilateral Triangle},
    year      = {2011},
    journal   = {Hikari},
    pages     = {8-28}
}

@article{krahn,
    author    = {Daners, Daniel},
    year      = {2011},
    pages     = {187-199},
    title     = {Krahnâ€™s proof of the Rayleigh conjecture revisited},
    journal   = {Archiv der Mathematik},
}

@article{perturbation,
    author    = {Lamberti, Luzzini, and Musolino},
    year      = {2021},
    pages     = {10679-10717},
    title     = {Shape Perturbation of Grushin Eigenvalues},
    journal   = {Geometric Analysis},
}


@book{rayleigh,
    author    = {Lord Rayleigh},
    title     = {The Theory of Sound},
    edition   = {1st edition},
    publisher = {Macmillan},
    year      = {1887}
}

@article{kac,
    author    = {M. Kac},
    year      = {1966},
    pages     = {Page Numbers},
    title     = {Can One Hear the Shape of a Drum?},
    journal   = {The American Mathematical Monthly},
}
